%YAML 1.1
%TAG !u! tag:unity3d.com,2011:
--- !u!29 &1
OcclusionCullingSettings:
  m_ObjectHideFlags: 0
  serializedVersion: 2
  m_OcclusionBakeSettings:
    smallestOccluder: 5
    smallestHole: 0.25
    backfaceThreshold: 100
  m_SceneGUID: 00000000000000000000000000000000
  m_OcclusionCullingData: {fileID: 0}
--- !u!104 &2
RenderSettings:
  m_ObjectHideFlags: 0
  serializedVersion: 9
  m_Fog: 1
  m_FogColor: {r: 0.7075472, g: 0.38707703, b: 0.09678713, a: 1}
  m_FogMode: 1
  m_FogDensity: 0.003
  m_LinearFogStart: 0
  m_LinearFogEnd: 800
  m_AmbientSkyColor: {r: 0.212, g: 0.227, b: 0.259, a: 1}
  m_AmbientEquatorColor: {r: 0.114, g: 0.125, b: 0.133, a: 1}
  m_AmbientGroundColor: {r: 0.047, g: 0.043, b: 0.035, a: 1}
  m_AmbientIntensity: 1
  m_AmbientMode: 0
  m_SubtractiveShadowColor: {r: 0.42, g: 0.478, b: 0.627, a: 1}
  m_SkyboxMaterial: {fileID: 2100000, guid: 1cf6f4c6e6e0518419839d3f5448dd99, type: 2}
  m_HaloStrength: 0.5
  m_FlareStrength: 1
  m_FlareFadeSpeed: 3
  m_HaloTexture: {fileID: 0}
  m_SpotCookie: {fileID: 10001, guid: 0000000000000000e000000000000000, type: 0}
  m_DefaultReflectionMode: 0
  m_DefaultReflectionResolution: 128
  m_ReflectionBounces: 1
  m_ReflectionIntensity: 1
  m_CustomReflection: {fileID: 0}
  m_Sun: {fileID: 0}
  m_IndirectSpecularColor: {r: 0.50780815, g: 0.23333603, b: 0, a: 1}
  m_UseRadianceAmbientProbe: 0
--- !u!157 &3
LightmapSettings:
  m_ObjectHideFlags: 0
  serializedVersion: 12
  m_GIWorkflowMode: 1
  m_GISettings:
    serializedVersion: 2
    m_BounceScale: 1
    m_IndirectOutputScale: 1
    m_AlbedoBoost: 1
    m_EnvironmentLightingMode: 0
    m_EnableBakedLightmaps: 1
    m_EnableRealtimeLightmaps: 0
  m_LightmapEditorSettings:
    serializedVersion: 12
    m_Resolution: 2
    m_BakeResolution: 40
    m_AtlasSize: 1024
    m_AO: 0
    m_AOMaxDistance: 1
    m_CompAOExponent: 1
    m_CompAOExponentDirect: 0
    m_ExtractAmbientOcclusion: 0
    m_Padding: 2
    m_LightmapParameters: {fileID: 0}
    m_LightmapsBakeMode: 1
    m_TextureCompression: 1
    m_FinalGather: 0
    m_FinalGatherFiltering: 1
    m_FinalGatherRayCount: 256
    m_ReflectionCompression: 2
    m_MixedBakeMode: 2
    m_BakeBackend: 1
    m_PVRSampling: 1
    m_PVRDirectSampleCount: 32
    m_PVRSampleCount: 512
    m_PVRBounces: 2
    m_PVREnvironmentSampleCount: 256
    m_PVREnvironmentReferencePointCount: 2048
    m_PVRFilteringMode: 1
    m_PVRDenoiserTypeDirect: 1
    m_PVRDenoiserTypeIndirect: 1
    m_PVRDenoiserTypeAO: 1
    m_PVRFilterTypeDirect: 0
    m_PVRFilterTypeIndirect: 0
    m_PVRFilterTypeAO: 0
    m_PVREnvironmentMIS: 1
    m_PVRCulling: 1
    m_PVRFilteringGaussRadiusDirect: 1
    m_PVRFilteringGaussRadiusIndirect: 5
    m_PVRFilteringGaussRadiusAO: 2
    m_PVRFilteringAtrousPositionSigmaDirect: 0.5
    m_PVRFilteringAtrousPositionSigmaIndirect: 2
    m_PVRFilteringAtrousPositionSigmaAO: 1
    m_ExportTrainingData: 0
    m_TrainingDataDestination: TrainingData
    m_LightProbeSampleCountMultiplier: 4
  m_LightingDataAsset: {fileID: 112000000, guid: 84462dac53a487a44acab5610bd9d2b2, type: 2}
  m_LightingSettings: {fileID: 4890085278179872738, guid: c65689f91e71b0f4ca40ec4760ab26ee, type: 2}
--- !u!196 &4
NavMeshSettings:
  serializedVersion: 2
  m_ObjectHideFlags: 0
  m_BuildSettings:
    serializedVersion: 2
    agentTypeID: 0
    agentRadius: 0.5
    agentHeight: 2
    agentSlope: 45
    agentClimb: 0.4
    ledgeDropHeight: 0
    maxJumpAcrossDistance: 0
    minRegionArea: 2
    manualCellSize: 0
    cellSize: 0.16666667
    manualTileSize: 0
    tileSize: 256
    accuratePlacement: 0
    maxJobWorkers: 0
    preserveTilesOutsideBounds: 0
    debug:
      m_Flags: 0
  m_NavMeshData: {fileID: 0}
--- !u!1 &74805303 stripped
GameObject:
  m_CorrespondingSourceObject: {fileID: 117430, guid: f56df44f2436f1f42821acb8fe1ec8d1, type: 3}
  m_PrefabInstance: {fileID: 80560105}
  m_PrefabAsset: {fileID: 0}
--- !u!65 &74805304
BoxCollider:
  m_ObjectHideFlags: 0
  m_CorrespondingSourceObject: {fileID: 0}
  m_PrefabInstance: {fileID: 0}
  m_PrefabAsset: {fileID: 0}
  m_GameObject: {fileID: 74805303}
  m_Material: {fileID: 0}
  m_IsTrigger: 1
  m_Enabled: 1
  serializedVersion: 2
  m_Size: {x: 1.17, y: 1, z: 1}
  m_Center: {x: 0, y: 0, z: 0}
--- !u!54 &74805305
Rigidbody:
  m_ObjectHideFlags: 0
  m_CorrespondingSourceObject: {fileID: 0}
  m_PrefabInstance: {fileID: 0}
  m_PrefabAsset: {fileID: 0}
  m_GameObject: {fileID: 74805303}
  serializedVersion: 2
  m_Mass: 1
  m_Drag: 0
  m_AngularDrag: 0.05
  m_UseGravity: 0
  m_IsKinematic: 0
  m_Interpolate: 0
  m_Constraints: 0
  m_CollisionDetection: 0
--- !u!1001 &80560105
PrefabInstance:
  m_ObjectHideFlags: 0
  serializedVersion: 2
  m_Modification:
    m_TransformParent: {fileID: 0}
    m_Modifications:
    - target: {fileID: 117430, guid: f56df44f2436f1f42821acb8fe1ec8d1, type: 3}
      propertyPath: m_Name
      value: Death_Chest
      objectReference: {fileID: 0}
    - target: {fileID: 117430, guid: f56df44f2436f1f42821acb8fe1ec8d1, type: 3}
      propertyPath: m_TagString
      value: Chest
      objectReference: {fileID: 0}
    - target: {fileID: 448142, guid: f56df44f2436f1f42821acb8fe1ec8d1, type: 3}
      propertyPath: m_RootOrder
      value: 15
      objectReference: {fileID: 0}
    - target: {fileID: 448142, guid: f56df44f2436f1f42821acb8fe1ec8d1, type: 3}
      propertyPath: m_LocalPosition.x
      value: 302.88
      objectReference: {fileID: 0}
    - target: {fileID: 448142, guid: f56df44f2436f1f42821acb8fe1ec8d1, type: 3}
      propertyPath: m_LocalPosition.y
      value: 7.31
      objectReference: {fileID: 0}
    - target: {fileID: 448142, guid: f56df44f2436f1f42821acb8fe1ec8d1, type: 3}
      propertyPath: m_LocalPosition.z
      value: 355.96
      objectReference: {fileID: 0}
    - target: {fileID: 448142, guid: f56df44f2436f1f42821acb8fe1ec8d1, type: 3}
      propertyPath: m_LocalRotation.w
      value: 0.95523113
      objectReference: {fileID: 0}
    - target: {fileID: 448142, guid: f56df44f2436f1f42821acb8fe1ec8d1, type: 3}
      propertyPath: m_LocalRotation.x
      value: -0.009503339
      objectReference: {fileID: 0}
    - target: {fileID: 448142, guid: f56df44f2436f1f42821acb8fe1ec8d1, type: 3}
      propertyPath: m_LocalRotation.y
      value: -0.29569334
      objectReference: {fileID: 0}
    - target: {fileID: 448142, guid: f56df44f2436f1f42821acb8fe1ec8d1, type: 3}
      propertyPath: m_LocalRotation.z
      value: -0.002941774
      objectReference: {fileID: 0}
    - target: {fileID: 448142, guid: f56df44f2436f1f42821acb8fe1ec8d1, type: 3}
      propertyPath: m_LocalEulerAnglesHint.x
      value: -1.14
      objectReference: {fileID: 0}
    - target: {fileID: 448142, guid: f56df44f2436f1f42821acb8fe1ec8d1, type: 3}
      propertyPath: m_LocalEulerAnglesHint.y
      value: -34.4
      objectReference: {fileID: 0}
    - target: {fileID: 448142, guid: f56df44f2436f1f42821acb8fe1ec8d1, type: 3}
      propertyPath: m_LocalEulerAnglesHint.z
      value: 0
      objectReference: {fileID: 0}
    m_RemovedComponents: []
  m_SourcePrefab: {fileID: 100100000, guid: f56df44f2436f1f42821acb8fe1ec8d1, type: 3}
--- !u!1 &120699677
GameObject:
  m_ObjectHideFlags: 0
  m_CorrespondingSourceObject: {fileID: 0}
  m_PrefabInstance: {fileID: 0}
  m_PrefabAsset: {fileID: 0}
  serializedVersion: 6
  m_Component:
  - component: {fileID: 120699680}
  - component: {fileID: 120699679}
  - component: {fileID: 120699678}
  m_Layer: 0
  m_Name: EventSystem
  m_TagString: Untagged
  m_Icon: {fileID: 0}
  m_NavMeshLayer: 0
  m_StaticEditorFlags: 0
  m_IsActive: 1
--- !u!114 &120699678
MonoBehaviour:
  m_ObjectHideFlags: 0
  m_CorrespondingSourceObject: {fileID: 0}
  m_PrefabInstance: {fileID: 0}
  m_PrefabAsset: {fileID: 0}
  m_GameObject: {fileID: 120699677}
  m_Enabled: 1
  m_EditorHideFlags: 0
  m_Script: {fileID: 11500000, guid: 4f231c4fb786f3946a6b90b886c48677, type: 3}
  m_Name: 
  m_EditorClassIdentifier: 
  m_HorizontalAxis: Horizontal
  m_VerticalAxis: Vertical
  m_SubmitButton: Submit
  m_CancelButton: Cancel
  m_InputActionsPerSecond: 10
  m_RepeatDelay: 0.5
  m_ForceModuleActive: 0
--- !u!114 &120699679
MonoBehaviour:
  m_ObjectHideFlags: 0
  m_CorrespondingSourceObject: {fileID: 0}
  m_PrefabInstance: {fileID: 0}
  m_PrefabAsset: {fileID: 0}
  m_GameObject: {fileID: 120699677}
  m_Enabled: 1
  m_EditorHideFlags: 0
  m_Script: {fileID: 11500000, guid: 76c392e42b5098c458856cdf6ecaaaa1, type: 3}
  m_Name: 
  m_EditorClassIdentifier: 
  m_FirstSelected: {fileID: 0}
  m_sendNavigationEvents: 1
  m_DragThreshold: 10
--- !u!4 &120699680
Transform:
  m_ObjectHideFlags: 0
  m_CorrespondingSourceObject: {fileID: 0}
  m_PrefabInstance: {fileID: 0}
  m_PrefabAsset: {fileID: 0}
  m_GameObject: {fileID: 120699677}
  m_LocalRotation: {x: 0, y: 0, z: 0, w: 1}
  m_LocalPosition: {x: 0, y: 0, z: 0}
  m_LocalScale: {x: 1, y: 1, z: 1}
  m_Children: []
  m_Father: {fileID: 0}
  m_RootOrder: 12
  m_LocalEulerAnglesHint: {x: 0, y: 0, z: 0}
--- !u!1 &331949280
GameObject:
  m_ObjectHideFlags: 0
  m_CorrespondingSourceObject: {fileID: 0}
  m_PrefabInstance: {fileID: 0}
  m_PrefabAsset: {fileID: 0}
  serializedVersion: 6
  m_Component:
  - component: {fileID: 331949283}
  - component: {fileID: 331949282}
  - component: {fileID: 331949281}
  m_Layer: 0
  m_Name: Ocean50x50W750H750
  m_TagString: Untagged
  m_Icon: {fileID: 0}
  m_NavMeshLayer: 0
  m_StaticEditorFlags: 0
  m_IsActive: 1
--- !u!23 &331949281
MeshRenderer:
  m_ObjectHideFlags: 0
  m_CorrespondingSourceObject: {fileID: 0}
  m_PrefabInstance: {fileID: 0}
  m_PrefabAsset: {fileID: 0}
  m_GameObject: {fileID: 331949280}
  m_Enabled: 1
  m_CastShadows: 1
  m_ReceiveShadows: 1
  m_DynamicOccludee: 1
  m_MotionVectors: 1
  m_LightProbeUsage: 1
  m_ReflectionProbeUsage: 1
  m_RayTracingMode: 2
  m_RayTraceProcedural: 0
  m_RenderingLayerMask: 1
  m_RendererPriority: 0
  m_Materials:
  - {fileID: 2100000, guid: 8538bd626cb3e80478f62e319f75e337, type: 2}
  m_StaticBatchInfo:
    firstSubMesh: 0
    subMeshCount: 0
  m_StaticBatchRoot: {fileID: 0}
  m_ProbeAnchor: {fileID: 0}
  m_LightProbeVolumeOverride: {fileID: 0}
  m_ScaleInLightmap: 1
  m_ReceiveGI: 1
  m_PreserveUVs: 0
  m_IgnoreNormalsForChartDetection: 0
  m_ImportantGI: 0
  m_StitchLightmapSeams: 1
  m_SelectedEditorRenderState: 3
  m_MinimumChartSize: 4
  m_AutoUVMaxDistance: 0.5
  m_AutoUVMaxAngle: 89
  m_LightmapParameters: {fileID: 0}
  m_SortingLayerID: 0
  m_SortingLayer: 0
  m_SortingOrder: 0
  m_AdditionalVertexStreams: {fileID: 0}
--- !u!33 &331949282
MeshFilter:
  m_ObjectHideFlags: 0
  m_CorrespondingSourceObject: {fileID: 0}
  m_PrefabInstance: {fileID: 0}
  m_PrefabAsset: {fileID: 0}
  m_GameObject: {fileID: 331949280}
  m_Mesh: {fileID: 4300000, guid: ebfb4988eb16add4784122504f75fe2f, type: 2}
--- !u!4 &331949283
Transform:
  m_ObjectHideFlags: 0
  m_CorrespondingSourceObject: {fileID: 0}
  m_PrefabInstance: {fileID: 0}
  m_PrefabAsset: {fileID: 0}
  m_GameObject: {fileID: 331949280}
  m_LocalRotation: {x: 0, y: 0, z: 0, w: 1}
  m_LocalPosition: {x: 176, y: 5, z: 159}
  m_LocalScale: {x: 0.29, y: 1, z: 0.49}
  m_Children: []
  m_Father: {fileID: 0}
  m_RootOrder: 8
  m_LocalEulerAnglesHint: {x: 0, y: 0, z: 0}
--- !u!114 &371709942 stripped
MonoBehaviour:
  m_CorrespondingSourceObject: {fileID: 4470080881711847788, guid: a98da762880e4e14190202150cbbd2db, type: 3}
  m_PrefabInstance: {fileID: 1661129110}
  m_PrefabAsset: {fileID: 0}
  m_GameObject: {fileID: 0}
  m_Enabled: 1
  m_EditorHideFlags: 0
  m_Script: {fileID: 11500000, guid: eef8b6e0ac4001045811378b1d75bc08, type: 3}
  m_Name: 
  m_EditorClassIdentifier: 
--- !u!1001 &411204219
PrefabInstance:
  m_ObjectHideFlags: 0
  serializedVersion: 2
  m_Modification:
    m_TransformParent: {fileID: 0}
    m_Modifications:
    - target: {fileID: 4735184964291384681, guid: 70a741b7e2a41794cb275bb640c191db, type: 3}
      propertyPath: m_RootOrder
      value: 10
      objectReference: {fileID: 0}
    - target: {fileID: 4735184964291384681, guid: 70a741b7e2a41794cb275bb640c191db, type: 3}
      propertyPath: m_LocalPosition.x
      value: 276
      objectReference: {fileID: 0}
    - target: {fileID: 4735184964291384681, guid: 70a741b7e2a41794cb275bb640c191db, type: 3}
      propertyPath: m_LocalPosition.y
      value: 9
      objectReference: {fileID: 0}
    - target: {fileID: 4735184964291384681, guid: 70a741b7e2a41794cb275bb640c191db, type: 3}
      propertyPath: m_LocalPosition.z
      value: 341
      objectReference: {fileID: 0}
    - target: {fileID: 4735184964291384681, guid: 70a741b7e2a41794cb275bb640c191db, type: 3}
      propertyPath: m_LocalRotation.w
      value: 0.7996451
      objectReference: {fileID: 0}
    - target: {fileID: 4735184964291384681, guid: 70a741b7e2a41794cb275bb640c191db, type: 3}
      propertyPath: m_LocalRotation.x
      value: -0.007955456
      objectReference: {fileID: 0}
    - target: {fileID: 4735184964291384681, guid: 70a741b7e2a41794cb275bb640c191db, type: 3}
      propertyPath: m_LocalRotation.y
      value: 0.6003905
      objectReference: {fileID: 0}
    - target: {fileID: 4735184964291384681, guid: 70a741b7e2a41794cb275bb640c191db, type: 3}
      propertyPath: m_LocalRotation.z
      value: 0.0059731244
      objectReference: {fileID: 0}
    - target: {fileID: 4735184964291384681, guid: 70a741b7e2a41794cb275bb640c191db, type: 3}
      propertyPath: m_LocalEulerAnglesHint.x
      value: -1.14
      objectReference: {fileID: 0}
    - target: {fileID: 4735184964291384681, guid: 70a741b7e2a41794cb275bb640c191db, type: 3}
      propertyPath: m_LocalEulerAnglesHint.y
      value: 73.8
      objectReference: {fileID: 0}
    - target: {fileID: 4735184964291384681, guid: 70a741b7e2a41794cb275bb640c191db, type: 3}
      propertyPath: m_LocalEulerAnglesHint.z
      value: 0
      objectReference: {fileID: 0}
    - target: {fileID: 4737156676320626379, guid: 70a741b7e2a41794cb275bb640c191db, type: 3}
      propertyPath: m_Name
      value: RPGHeroHP
      objectReference: {fileID: 0}
    - target: {fileID: 7087076879790001089, guid: 70a741b7e2a41794cb275bb640c191db, type: 3}
      propertyPath: healthBar
      value: 
      objectReference: {fileID: 371709942}
    - target: {fileID: 7087076879790001089, guid: 70a741b7e2a41794cb275bb640c191db, type: 3}
      propertyPath: staminabar
      value: 
      objectReference: {fileID: 1307020714}
    m_RemovedComponents: []
  m_SourcePrefab: {fileID: 100100000, guid: 70a741b7e2a41794cb275bb640c191db, type: 3}
--- !u!1001 &429919075
PrefabInstance:
  m_ObjectHideFlags: 0
  serializedVersion: 2
  m_Modification:
    m_TransformParent: {fileID: 0}
    m_Modifications:
    - target: {fileID: 144072, guid: d686c6de687b91640993907e4c4d73b7, type: 3}
      propertyPath: m_Name
      value: Golden_Chest
      objectReference: {fileID: 0}
    - target: {fileID: 426404, guid: d686c6de687b91640993907e4c4d73b7, type: 3}
      propertyPath: m_RootOrder
      value: 2
      objectReference: {fileID: 0}
    - target: {fileID: 426404, guid: d686c6de687b91640993907e4c4d73b7, type: 3}
      propertyPath: m_LocalPosition.x
      value: 405.2426
      objectReference: {fileID: 0}
    - target: {fileID: 426404, guid: d686c6de687b91640993907e4c4d73b7, type: 3}
      propertyPath: m_LocalPosition.y
      value: 0.68
      objectReference: {fileID: 0}
    - target: {fileID: 426404, guid: d686c6de687b91640993907e4c4d73b7, type: 3}
      propertyPath: m_LocalPosition.z
      value: 456.9557
      objectReference: {fileID: 0}
    - target: {fileID: 426404, guid: d686c6de687b91640993907e4c4d73b7, type: 3}
      propertyPath: m_LocalRotation.w
      value: -0.00000016292068
      objectReference: {fileID: 0}
    - target: {fileID: 426404, guid: d686c6de687b91640993907e4c4d73b7, type: 3}
      propertyPath: m_LocalRotation.x
      value: 0
      objectReference: {fileID: 0}
    - target: {fileID: 426404, guid: d686c6de687b91640993907e4c4d73b7, type: 3}
      propertyPath: m_LocalRotation.y
      value: 1
      objectReference: {fileID: 0}
    - target: {fileID: 426404, guid: d686c6de687b91640993907e4c4d73b7, type: 3}
      propertyPath: m_LocalRotation.z
      value: 0
      objectReference: {fileID: 0}
    - target: {fileID: 426404, guid: d686c6de687b91640993907e4c4d73b7, type: 3}
      propertyPath: m_LocalEulerAnglesHint.x
      value: 0
      objectReference: {fileID: 0}
    - target: {fileID: 426404, guid: d686c6de687b91640993907e4c4d73b7, type: 3}
      propertyPath: m_LocalEulerAnglesHint.y
      value: 0
      objectReference: {fileID: 0}
    - target: {fileID: 426404, guid: d686c6de687b91640993907e4c4d73b7, type: 3}
      propertyPath: m_LocalEulerAnglesHint.z
      value: 0
      objectReference: {fileID: 0}
    m_RemovedComponents: []
  m_SourcePrefab: {fileID: 100100000, guid: d686c6de687b91640993907e4c4d73b7, type: 3}
--- !u!1 &483713345
GameObject:
  m_ObjectHideFlags: 0
  m_CorrespondingSourceObject: {fileID: 0}
  m_PrefabInstance: {fileID: 0}
  m_PrefabAsset: {fileID: 0}
  serializedVersion: 6
  m_Component:
  - component: {fileID: 483713347}
  - component: {fileID: 483713346}
  m_Layer: 0
  m_Name: Directional Light
  m_TagString: Untagged
  m_Icon: {fileID: 0}
  m_NavMeshLayer: 0
  m_StaticEditorFlags: 0
  m_IsActive: 1
--- !u!108 &483713346
Light:
  m_ObjectHideFlags: 0
  m_CorrespondingSourceObject: {fileID: 0}
  m_PrefabInstance: {fileID: 0}
  m_PrefabAsset: {fileID: 0}
  m_GameObject: {fileID: 483713345}
  m_Enabled: 1
  serializedVersion: 10
  m_Type: 1
  m_Shape: 0
  m_Color: {r: 1, g: 0.95686275, b: 0.8392157, a: 1}
  m_Intensity: 1
  m_Range: 10
  m_SpotAngle: 30
  m_InnerSpotAngle: 21.80208
  m_CookieSize: 10
  m_Shadows:
    m_Type: 2
    m_Resolution: -1
    m_CustomResolution: -1
    m_Strength: 1
    m_Bias: 0.05
    m_NormalBias: 0.4
    m_NearPlane: 0.2
    m_CullingMatrixOverride:
      e00: 1
      e01: 0
      e02: 0
      e03: 0
      e10: 0
      e11: 1
      e12: 0
      e13: 0
      e20: 0
      e21: 0
      e22: 1
      e23: 0
      e30: 0
      e31: 0
      e32: 0
      e33: 1
    m_UseCullingMatrixOverride: 0
  m_Cookie: {fileID: 0}
  m_DrawHalo: 0
  m_Flare: {fileID: 0}
  m_RenderMode: 0
  m_CullingMask:
    serializedVersion: 2
    m_Bits: 4294967295
  m_RenderingLayerMask: 1
  m_Lightmapping: 4
  m_LightShadowCasterMode: 0
  m_AreaSize: {x: 1, y: 1}
  m_BounceIntensity: 1
  m_ColorTemperature: 6570
  m_UseColorTemperature: 0
  m_BoundingSphereOverride: {x: 0, y: 0, z: 0, w: 0}
  m_UseBoundingSphereOverride: 0
  m_UseViewFrustumForShadowCasterCull: 1
  m_ShadowRadius: 0
  m_ShadowAngle: 0
--- !u!4 &483713347
Transform:
  m_ObjectHideFlags: 0
  m_CorrespondingSourceObject: {fileID: 0}
  m_PrefabInstance: {fileID: 0}
  m_PrefabAsset: {fileID: 0}
  m_GameObject: {fileID: 483713345}
  m_LocalRotation: {x: 0.40821788, y: -0.23456968, z: 0.10938163, w: 0.8754261}
  m_LocalPosition: {x: 0, y: 3, z: 0}
  m_LocalScale: {x: 1, y: 1, z: 1}
  m_Children: []
  m_Father: {fileID: 0}
  m_RootOrder: 0
  m_LocalEulerAnglesHint: {x: 50, y: -30, z: 0}
--- !u!1001 &534082099
PrefabInstance:
  m_ObjectHideFlags: 0
  serializedVersion: 2
  m_Modification:
    m_TransformParent: {fileID: 0}
    m_Modifications:
    - target: {fileID: 1294500603521610, guid: 227f9257bcc7175478a7f935e3bfc552, type: 3}
      propertyPath: m_Name
      value: Crystalsv10
      objectReference: {fileID: 0}
    - target: {fileID: 4534106693493108, guid: 227f9257bcc7175478a7f935e3bfc552, type: 3}
      propertyPath: m_RootOrder
      value: 3
      objectReference: {fileID: 0}
    - target: {fileID: 4534106693493108, guid: 227f9257bcc7175478a7f935e3bfc552, type: 3}
      propertyPath: m_LocalScale.x
      value: 0.3
      objectReference: {fileID: 0}
    - target: {fileID: 4534106693493108, guid: 227f9257bcc7175478a7f935e3bfc552, type: 3}
      propertyPath: m_LocalScale.y
      value: 0.3
      objectReference: {fileID: 0}
    - target: {fileID: 4534106693493108, guid: 227f9257bcc7175478a7f935e3bfc552, type: 3}
      propertyPath: m_LocalScale.z
      value: 0.3
      objectReference: {fileID: 0}
    - target: {fileID: 4534106693493108, guid: 227f9257bcc7175478a7f935e3bfc552, type: 3}
      propertyPath: m_LocalPosition.x
      value: 402.83954
      objectReference: {fileID: 0}
    - target: {fileID: 4534106693493108, guid: 227f9257bcc7175478a7f935e3bfc552, type: 3}
      propertyPath: m_LocalPosition.y
      value: 0.027337074
      objectReference: {fileID: 0}
    - target: {fileID: 4534106693493108, guid: 227f9257bcc7175478a7f935e3bfc552, type: 3}
      propertyPath: m_LocalPosition.z
      value: 454.66827
      objectReference: {fileID: 0}
    - target: {fileID: 4534106693493108, guid: 227f9257bcc7175478a7f935e3bfc552, type: 3}
      propertyPath: m_LocalRotation.w
      value: 1
      objectReference: {fileID: 0}
    - target: {fileID: 4534106693493108, guid: 227f9257bcc7175478a7f935e3bfc552, type: 3}
      propertyPath: m_LocalRotation.x
      value: -0
      objectReference: {fileID: 0}
    - target: {fileID: 4534106693493108, guid: 227f9257bcc7175478a7f935e3bfc552, type: 3}
      propertyPath: m_LocalRotation.y
      value: -0
      objectReference: {fileID: 0}
    - target: {fileID: 4534106693493108, guid: 227f9257bcc7175478a7f935e3bfc552, type: 3}
      propertyPath: m_LocalRotation.z
      value: -0
      objectReference: {fileID: 0}
    - target: {fileID: 4534106693493108, guid: 227f9257bcc7175478a7f935e3bfc552, type: 3}
      propertyPath: m_LocalEulerAnglesHint.x
      value: 0
      objectReference: {fileID: 0}
    - target: {fileID: 4534106693493108, guid: 227f9257bcc7175478a7f935e3bfc552, type: 3}
      propertyPath: m_LocalEulerAnglesHint.y
      value: 0
      objectReference: {fileID: 0}
    - target: {fileID: 4534106693493108, guid: 227f9257bcc7175478a7f935e3bfc552, type: 3}
      propertyPath: m_LocalEulerAnglesHint.z
      value: 0
      objectReference: {fileID: 0}
    m_RemovedComponents: []
  m_SourcePrefab: {fileID: 100100000, guid: 227f9257bcc7175478a7f935e3bfc552, type: 3}
--- !u!1 &538117879
GameObject:
  m_ObjectHideFlags: 0
  m_CorrespondingSourceObject: {fileID: 0}
  m_PrefabInstance: {fileID: 0}
  m_PrefabAsset: {fileID: 0}
  serializedVersion: 6
  m_Component:
  - component: {fileID: 538117882}
  - component: {fileID: 538117881}
  - component: {fileID: 538117880}
  m_Layer: 0
  m_Name: Ocean50x50W750H750 (1)
  m_TagString: Untagged
  m_Icon: {fileID: 0}
  m_NavMeshLayer: 0
  m_StaticEditorFlags: 0
  m_IsActive: 1
--- !u!23 &538117880
MeshRenderer:
  m_ObjectHideFlags: 0
  m_CorrespondingSourceObject: {fileID: 0}
  m_PrefabInstance: {fileID: 0}
  m_PrefabAsset: {fileID: 0}
  m_GameObject: {fileID: 538117879}
  m_Enabled: 1
  m_CastShadows: 1
  m_ReceiveShadows: 1
  m_DynamicOccludee: 1
  m_MotionVectors: 1
  m_LightProbeUsage: 1
  m_ReflectionProbeUsage: 1
  m_RayTracingMode: 2
  m_RayTraceProcedural: 0
  m_RenderingLayerMask: 1
  m_RendererPriority: 0
  m_Materials:
  - {fileID: 2100000, guid: 8538bd626cb3e80478f62e319f75e337, type: 2}
  m_StaticBatchInfo:
    firstSubMesh: 0
    subMeshCount: 0
  m_StaticBatchRoot: {fileID: 0}
  m_ProbeAnchor: {fileID: 0}
  m_LightProbeVolumeOverride: {fileID: 0}
  m_ScaleInLightmap: 1
  m_ReceiveGI: 1
  m_PreserveUVs: 0
  m_IgnoreNormalsForChartDetection: 0
  m_ImportantGI: 0
  m_StitchLightmapSeams: 1
  m_SelectedEditorRenderState: 3
  m_MinimumChartSize: 4
  m_AutoUVMaxDistance: 0.5
  m_AutoUVMaxAngle: 89
  m_LightmapParameters: {fileID: 0}
  m_SortingLayerID: 0
  m_SortingLayer: 0
  m_SortingOrder: 0
  m_AdditionalVertexStreams: {fileID: 0}
--- !u!33 &538117881
MeshFilter:
  m_ObjectHideFlags: 0
  m_CorrespondingSourceObject: {fileID: 0}
  m_PrefabInstance: {fileID: 0}
  m_PrefabAsset: {fileID: 0}
  m_GameObject: {fileID: 538117879}
  m_Mesh: {fileID: 4300000, guid: ebfb4988eb16add4784122504f75fe2f, type: 2}
--- !u!4 &538117882
Transform:
  m_ObjectHideFlags: 0
  m_CorrespondingSourceObject: {fileID: 0}
  m_PrefabInstance: {fileID: 0}
  m_PrefabAsset: {fileID: 0}
  m_GameObject: {fileID: 538117879}
  m_LocalRotation: {x: 0, y: 0, z: 0, w: 1}
  m_LocalPosition: {x: 176.3, y: 2.3, z: 428.3}
  m_LocalScale: {x: 0.36, y: 1, z: 0.19}
  m_Children: []
  m_Father: {fileID: 0}
  m_RootOrder: 9
  m_LocalEulerAnglesHint: {x: 0, y: 0, z: 0}
--- !u!1 &1248737774
GameObject:
  m_ObjectHideFlags: 0
  m_CorrespondingSourceObject: {fileID: 0}
  m_PrefabInstance: {fileID: 0}
  m_PrefabAsset: {fileID: 0}
  serializedVersion: 6
  m_Component:
  - component: {fileID: 1248737777}
  - component: {fileID: 1248737776}
  - component: {fileID: 1248737775}
  m_Layer: 0
  m_Name: Terrain
  m_TagString: Untagged
  m_Icon: {fileID: 0}
  m_NavMeshLayer: 0
  m_StaticEditorFlags: 4294967295
  m_IsActive: 1
--- !u!154 &1248737775
TerrainCollider:
  m_ObjectHideFlags: 0
  m_CorrespondingSourceObject: {fileID: 0}
  m_PrefabInstance: {fileID: 0}
  m_PrefabAsset: {fileID: 0}
  m_GameObject: {fileID: 1248737774}
  m_Material: {fileID: 0}
  m_Enabled: 1
  m_TerrainData: {fileID: 15600000, guid: d2fa37314fd3648fabd0b862ba5a241b, type: 2}
  m_EnableTreeColliders: 1
--- !u!218 &1248737776
Terrain:
  m_ObjectHideFlags: 0
  m_CorrespondingSourceObject: {fileID: 0}
  m_PrefabInstance: {fileID: 0}
  m_PrefabAsset: {fileID: 0}
  m_GameObject: {fileID: 1248737774}
  m_Enabled: 1
  serializedVersion: 6
  m_TerrainData: {fileID: 15600000, guid: d2fa37314fd3648fabd0b862ba5a241b, type: 2}
  m_TreeDistance: 5000
  m_TreeBillboardDistance: 50
  m_TreeCrossFadeLength: 5
  m_TreeMaximumFullLODCount: 50
  m_DetailObjectDistance: 80
  m_DetailObjectDensity: 1
  m_HeightmapPixelError: 5
  m_SplatMapDistance: 1000
  m_HeightmapMaximumLOD: 0
  m_ShadowCastingMode: 2
  m_DrawHeightmap: 1
  m_DrawInstanced: 0
  m_DrawTreesAndFoliage: 1
  m_ReflectionProbeUsage: 1
  m_MaterialTemplate: {fileID: 10652, guid: 0000000000000000f000000000000000, type: 0}
  m_BakeLightProbesForTrees: 1
  m_PreserveTreePrototypeLayers: 0
  m_DeringLightProbesForTrees: 1
  m_ScaleInLightmap: 0.0256
  m_LightmapParameters: {fileID: 15203, guid: 0000000000000000f000000000000000, type: 0}
  m_GroupingID: 0
  m_RenderingLayerMask: 1
  m_AllowAutoConnect: 1
--- !u!4 &1248737777
Transform:
  m_ObjectHideFlags: 0
  m_CorrespondingSourceObject: {fileID: 0}
  m_PrefabInstance: {fileID: 0}
  m_PrefabAsset: {fileID: 0}
  m_GameObject: {fileID: 1248737774}
  m_LocalRotation: {x: 0, y: 0, z: 0, w: 1}
  m_LocalPosition: {x: 0, y: 0, z: 0}
  m_LocalScale: {x: 1, y: 1, z: 1}
  m_Children: []
  m_Father: {fileID: 0}
  m_RootOrder: 7
  m_LocalEulerAnglesHint: {x: 0, y: 0, z: 0}
--- !u!1 &1258107141
GameObject:
  m_ObjectHideFlags: 0
  m_CorrespondingSourceObject: {fileID: 0}
  m_PrefabInstance: {fileID: 0}
  m_PrefabAsset: {fileID: 0}
  serializedVersion: 6
  m_Component:
  - component: {fileID: 1258107145}
  - component: {fileID: 1258107144}
  - component: {fileID: 1258107143}
  - component: {fileID: 1258107142}
  m_Layer: 0
  m_Name: Minimap
  m_TagString: Untagged
  m_Icon: {fileID: 0}
  m_NavMeshLayer: 0
  m_StaticEditorFlags: 0
  m_IsActive: 1
--- !u!114 &1258107142
MonoBehaviour:
  m_ObjectHideFlags: 0
  m_CorrespondingSourceObject: {fileID: 0}
  m_PrefabInstance: {fileID: 0}
  m_PrefabAsset: {fileID: 0}
  m_GameObject: {fileID: 1258107141}
  m_Enabled: 1
  m_EditorHideFlags: 0
  m_Script: {fileID: 11500000, guid: 1e86c4ae1373f5441a08e69d7edce0bb, type: 3}
  m_Name: 
  m_EditorClassIdentifier: 
  player: {fileID: 1849739927}
--- !u!81 &1258107143
AudioListener:
  m_ObjectHideFlags: 0
  m_CorrespondingSourceObject: {fileID: 0}
  m_PrefabInstance: {fileID: 0}
  m_PrefabAsset: {fileID: 0}
  m_GameObject: {fileID: 1258107141}
  m_Enabled: 0
--- !u!20 &1258107144
Camera:
  m_ObjectHideFlags: 0
  m_CorrespondingSourceObject: {fileID: 0}
  m_PrefabInstance: {fileID: 0}
  m_PrefabAsset: {fileID: 0}
  m_GameObject: {fileID: 1258107141}
  m_Enabled: 1
  serializedVersion: 2
  m_ClearFlags: 1
  m_BackGroundColor: {r: 0.19215687, g: 0.3019608, b: 0.4745098, a: 0}
  m_projectionMatrixMode: 1
  m_GateFitMode: 2
  m_FOVAxisMode: 0
  m_SensorSize: {x: 36, y: 24}
  m_LensShift: {x: 0, y: 0}
  m_FocalLength: 50
  m_NormalizedViewPortRect:
    serializedVersion: 2
    x: 0
    y: 0
    width: 1
    height: 1
  near clip plane: 0.3
  far clip plane: 10000
  field of view: 60
  orthographic: 1
  orthographic size: 20
  m_Depth: -1
  m_CullingMask:
    serializedVersion: 2
    m_Bits: 4294967295
  m_RenderingPath: -1
  m_TargetTexture: {fileID: 8400000, guid: c0a499f33dcfb394eb9e7d53a0a02ce5, type: 2}
  m_TargetDisplay: 0
  m_TargetEye: 3
  m_HDR: 1
  m_AllowMSAA: 1
  m_AllowDynamicResolution: 0
  m_ForceIntoRT: 0
  m_OcclusionCulling: 1
  m_StereoConvergence: 10
  m_StereoSeparation: 0.022
--- !u!4 &1258107145
Transform:
  m_ObjectHideFlags: 0
  m_CorrespondingSourceObject: {fileID: 0}
  m_PrefabInstance: {fileID: 0}
  m_PrefabAsset: {fileID: 0}
  m_GameObject: {fileID: 1258107141}
  m_LocalRotation: {x: 0.7071068, y: 0, z: 0, w: 0.7071068}
  m_LocalPosition: {x: 276, y: 9, z: 341}
  m_LocalScale: {x: 1, y: 1, z: 1}
  m_Children: []
  m_Father: {fileID: 0}
  m_RootOrder: 11
  m_LocalEulerAnglesHint: {x: 90, y: 0, z: 0}
--- !u!1001 &1298406806
PrefabInstance:
  m_ObjectHideFlags: 0
  serializedVersion: 2
  m_Modification:
    m_TransformParent: {fileID: 0}
    m_Modifications:
    - target: {fileID: 1150642482621776, guid: a1b4f5aeb08a9ba409b89043963cc60b, type: 3}
      propertyPath: m_Name
      value: Crystalsv10 (1)
      objectReference: {fileID: 0}
    - target: {fileID: 4845116761764540, guid: a1b4f5aeb08a9ba409b89043963cc60b, type: 3}
      propertyPath: m_RootOrder
      value: 1
      objectReference: {fileID: 0}
    - target: {fileID: 4845116761764540, guid: a1b4f5aeb08a9ba409b89043963cc60b, type: 3}
      propertyPath: m_LocalScale.x
      value: 0.3
      objectReference: {fileID: 0}
    - target: {fileID: 4845116761764540, guid: a1b4f5aeb08a9ba409b89043963cc60b, type: 3}
      propertyPath: m_LocalScale.y
      value: 0.3
      objectReference: {fileID: 0}
    - target: {fileID: 4845116761764540, guid: a1b4f5aeb08a9ba409b89043963cc60b, type: 3}
      propertyPath: m_LocalScale.z
      value: 0.3
      objectReference: {fileID: 0}
    - target: {fileID: 4845116761764540, guid: a1b4f5aeb08a9ba409b89043963cc60b, type: 3}
      propertyPath: m_LocalPosition.x
      value: 399.15955
      objectReference: {fileID: 0}
    - target: {fileID: 4845116761764540, guid: a1b4f5aeb08a9ba409b89043963cc60b, type: 3}
      propertyPath: m_LocalPosition.y
      value: 0.15604019
      objectReference: {fileID: 0}
    - target: {fileID: 4845116761764540, guid: a1b4f5aeb08a9ba409b89043963cc60b, type: 3}
      propertyPath: m_LocalPosition.z
      value: 455.75073
      objectReference: {fileID: 0}
    - target: {fileID: 4845116761764540, guid: a1b4f5aeb08a9ba409b89043963cc60b, type: 3}
      propertyPath: m_LocalRotation.w
      value: 1
      objectReference: {fileID: 0}
    - target: {fileID: 4845116761764540, guid: a1b4f5aeb08a9ba409b89043963cc60b, type: 3}
      propertyPath: m_LocalRotation.x
      value: -0
      objectReference: {fileID: 0}
    - target: {fileID: 4845116761764540, guid: a1b4f5aeb08a9ba409b89043963cc60b, type: 3}
      propertyPath: m_LocalRotation.y
      value: -0
      objectReference: {fileID: 0}
    - target: {fileID: 4845116761764540, guid: a1b4f5aeb08a9ba409b89043963cc60b, type: 3}
      propertyPath: m_LocalRotation.z
      value: -0
      objectReference: {fileID: 0}
    - target: {fileID: 4845116761764540, guid: a1b4f5aeb08a9ba409b89043963cc60b, type: 3}
      propertyPath: m_LocalEulerAnglesHint.x
      value: 0
      objectReference: {fileID: 0}
    - target: {fileID: 4845116761764540, guid: a1b4f5aeb08a9ba409b89043963cc60b, type: 3}
      propertyPath: m_LocalEulerAnglesHint.y
      value: 0
      objectReference: {fileID: 0}
    - target: {fileID: 4845116761764540, guid: a1b4f5aeb08a9ba409b89043963cc60b, type: 3}
      propertyPath: m_LocalEulerAnglesHint.z
      value: 0
      objectReference: {fileID: 0}
    m_RemovedComponents: []
  m_SourcePrefab: {fileID: 100100000, guid: a1b4f5aeb08a9ba409b89043963cc60b, type: 3}
--- !u!114 &1307020714 stripped
MonoBehaviour:
  m_CorrespondingSourceObject: {fileID: 4470080880311753567, guid: a98da762880e4e14190202150cbbd2db, type: 3}
  m_PrefabInstance: {fileID: 1661129110}
  m_PrefabAsset: {fileID: 0}
  m_GameObject: {fileID: 0}
  m_Enabled: 1
  m_EditorHideFlags: 0
  m_Script: {fileID: 11500000, guid: 68c7ae3f415cad94ab84f56461e403ae, type: 3}
  m_Name: 
  m_EditorClassIdentifier: 
--- !u!1001 &1493105459
PrefabInstance:
  m_ObjectHideFlags: 0
  serializedVersion: 2
  m_Modification:
    m_TransformParent: {fileID: 0}
    m_Modifications:
    - target: {fileID: 1794902551384904, guid: bfdd8187afba8d04a92026b647b4dd39, type: 3}
      propertyPath: m_Name
      value: Construction23
      objectReference: {fileID: 0}
    - target: {fileID: 4455851502375210, guid: bfdd8187afba8d04a92026b647b4dd39, type: 3}
      propertyPath: m_RootOrder
      value: 5
      objectReference: {fileID: 0}
    - target: {fileID: 4455851502375210, guid: bfdd8187afba8d04a92026b647b4dd39, type: 3}
      propertyPath: m_LocalPosition.x
      value: 451
      objectReference: {fileID: 0}
    - target: {fileID: 4455851502375210, guid: bfdd8187afba8d04a92026b647b4dd39, type: 3}
      propertyPath: m_LocalPosition.y
      value: 2.2
      objectReference: {fileID: 0}
    - target: {fileID: 4455851502375210, guid: bfdd8187afba8d04a92026b647b4dd39, type: 3}
      propertyPath: m_LocalPosition.z
      value: 453.5
      objectReference: {fileID: 0}
    - target: {fileID: 4455851502375210, guid: bfdd8187afba8d04a92026b647b4dd39, type: 3}
      propertyPath: m_LocalRotation.w
      value: 1
      objectReference: {fileID: 0}
    - target: {fileID: 4455851502375210, guid: bfdd8187afba8d04a92026b647b4dd39, type: 3}
      propertyPath: m_LocalRotation.x
      value: 0
      objectReference: {fileID: 0}
    - target: {fileID: 4455851502375210, guid: bfdd8187afba8d04a92026b647b4dd39, type: 3}
      propertyPath: m_LocalRotation.y
      value: -0
      objectReference: {fileID: 0}
    - target: {fileID: 4455851502375210, guid: bfdd8187afba8d04a92026b647b4dd39, type: 3}
      propertyPath: m_LocalRotation.z
      value: -0
      objectReference: {fileID: 0}
    - target: {fileID: 4455851502375210, guid: bfdd8187afba8d04a92026b647b4dd39, type: 3}
      propertyPath: m_LocalEulerAnglesHint.x
      value: 0
      objectReference: {fileID: 0}
    - target: {fileID: 4455851502375210, guid: bfdd8187afba8d04a92026b647b4dd39, type: 3}
      propertyPath: m_LocalEulerAnglesHint.y
      value: 0
      objectReference: {fileID: 0}
    - target: {fileID: 4455851502375210, guid: bfdd8187afba8d04a92026b647b4dd39, type: 3}
      propertyPath: m_LocalEulerAnglesHint.z
      value: 0
      objectReference: {fileID: 0}
    m_RemovedComponents: []
  m_SourcePrefab: {fileID: 100100000, guid: bfdd8187afba8d04a92026b647b4dd39, type: 3}
--- !u!1001 &1661129110
PrefabInstance:
  m_ObjectHideFlags: 0
  serializedVersion: 2
  m_Modification:
    m_TransformParent: {fileID: 0}
    m_Modifications:
    - target: {fileID: 4470080880924277417, guid: a98da762880e4e14190202150cbbd2db, type: 3}
      propertyPath: m_AnchorMax.x
      value: 0
      objectReference: {fileID: 0}
    - target: {fileID: 4470080880924277417, guid: a98da762880e4e14190202150cbbd2db, type: 3}
      propertyPath: m_AnchorMax.y
      value: 0
      objectReference: {fileID: 0}
    - target: {fileID: 4470080881835514001, guid: a98da762880e4e14190202150cbbd2db, type: 3}
      propertyPath: m_Pivot.x
      value: 0
      objectReference: {fileID: 0}
    - target: {fileID: 4470080881835514001, guid: a98da762880e4e14190202150cbbd2db, type: 3}
      propertyPath: m_Pivot.y
      value: 0
      objectReference: {fileID: 0}
    - target: {fileID: 4470080881835514001, guid: a98da762880e4e14190202150cbbd2db, type: 3}
      propertyPath: m_RootOrder
      value: 13
      objectReference: {fileID: 0}
    - target: {fileID: 4470080881835514001, guid: a98da762880e4e14190202150cbbd2db, type: 3}
      propertyPath: m_AnchorMax.x
      value: 0
      objectReference: {fileID: 0}
    - target: {fileID: 4470080881835514001, guid: a98da762880e4e14190202150cbbd2db, type: 3}
      propertyPath: m_AnchorMax.y
      value: 0
      objectReference: {fileID: 0}
    - target: {fileID: 4470080881835514001, guid: a98da762880e4e14190202150cbbd2db, type: 3}
      propertyPath: m_AnchorMin.x
      value: 0
      objectReference: {fileID: 0}
    - target: {fileID: 4470080881835514001, guid: a98da762880e4e14190202150cbbd2db, type: 3}
      propertyPath: m_AnchorMin.y
      value: 0
      objectReference: {fileID: 0}
    - target: {fileID: 4470080881835514001, guid: a98da762880e4e14190202150cbbd2db, type: 3}
      propertyPath: m_SizeDelta.x
      value: 0
      objectReference: {fileID: 0}
    - target: {fileID: 4470080881835514001, guid: a98da762880e4e14190202150cbbd2db, type: 3}
      propertyPath: m_SizeDelta.y
      value: 0
      objectReference: {fileID: 0}
    - target: {fileID: 4470080881835514001, guid: a98da762880e4e14190202150cbbd2db, type: 3}
      propertyPath: m_LocalPosition.x
      value: 0
      objectReference: {fileID: 0}
    - target: {fileID: 4470080881835514001, guid: a98da762880e4e14190202150cbbd2db, type: 3}
      propertyPath: m_LocalPosition.y
      value: 0
      objectReference: {fileID: 0}
    - target: {fileID: 4470080881835514001, guid: a98da762880e4e14190202150cbbd2db, type: 3}
      propertyPath: m_LocalPosition.z
      value: 0
      objectReference: {fileID: 0}
    - target: {fileID: 4470080881835514001, guid: a98da762880e4e14190202150cbbd2db, type: 3}
      propertyPath: m_LocalRotation.w
      value: 1
      objectReference: {fileID: 0}
    - target: {fileID: 4470080881835514001, guid: a98da762880e4e14190202150cbbd2db, type: 3}
      propertyPath: m_LocalRotation.x
      value: 0
      objectReference: {fileID: 0}
    - target: {fileID: 4470080881835514001, guid: a98da762880e4e14190202150cbbd2db, type: 3}
      propertyPath: m_LocalRotation.y
      value: 0
      objectReference: {fileID: 0}
    - target: {fileID: 4470080881835514001, guid: a98da762880e4e14190202150cbbd2db, type: 3}
      propertyPath: m_LocalRotation.z
      value: 0
      objectReference: {fileID: 0}
    - target: {fileID: 4470080881835514001, guid: a98da762880e4e14190202150cbbd2db, type: 3}
      propertyPath: m_AnchoredPosition.x
      value: 0
      objectReference: {fileID: 0}
    - target: {fileID: 4470080881835514001, guid: a98da762880e4e14190202150cbbd2db, type: 3}
      propertyPath: m_AnchoredPosition.y
      value: 0
      objectReference: {fileID: 0}
    - target: {fileID: 4470080881835514001, guid: a98da762880e4e14190202150cbbd2db, type: 3}
      propertyPath: m_LocalEulerAnglesHint.x
      value: 0
      objectReference: {fileID: 0}
    - target: {fileID: 4470080881835514001, guid: a98da762880e4e14190202150cbbd2db, type: 3}
      propertyPath: m_LocalEulerAnglesHint.y
      value: 0
      objectReference: {fileID: 0}
    - target: {fileID: 4470080881835514001, guid: a98da762880e4e14190202150cbbd2db, type: 3}
      propertyPath: m_LocalEulerAnglesHint.z
      value: 0
      objectReference: {fileID: 0}
    - target: {fileID: 4470080881835514005, guid: a98da762880e4e14190202150cbbd2db, type: 3}
      propertyPath: m_Name
      value: CanvasGame
      objectReference: {fileID: 0}
    - target: {fileID: 4470080881970998970, guid: a98da762880e4e14190202150cbbd2db, type: 3}
      propertyPath: m_AnchorMax.x
      value: 0
      objectReference: {fileID: 0}
    - target: {fileID: 4470080881970998970, guid: a98da762880e4e14190202150cbbd2db, type: 3}
      propertyPath: m_AnchorMax.y
      value: 0
      objectReference: {fileID: 0}
    m_RemovedComponents: []
  m_SourcePrefab: {fileID: 100100000, guid: a98da762880e4e14190202150cbbd2db, type: 3}
--- !u!1001 &1728000319
PrefabInstance:
  m_ObjectHideFlags: 0
  serializedVersion: 2
  m_Modification:
    m_TransformParent: {fileID: 0}
    m_Modifications:
    - target: {fileID: 1224089743127636, guid: a3b2c2825e024e14c8709a1226383665, type: 3}
      propertyPath: m_Name
      value: Construction
      objectReference: {fileID: 0}
    - target: {fileID: 4631870981687706, guid: a3b2c2825e024e14c8709a1226383665, type: 3}
      propertyPath: m_RootOrder
      value: 6
      objectReference: {fileID: 0}
    - target: {fileID: 4631870981687706, guid: a3b2c2825e024e14c8709a1226383665, type: 3}
      propertyPath: m_LocalPosition.x
      value: 358.2
      objectReference: {fileID: 0}
    - target: {fileID: 4631870981687706, guid: a3b2c2825e024e14c8709a1226383665, type: 3}
      propertyPath: m_LocalPosition.y
      value: 8
      objectReference: {fileID: 0}
    - target: {fileID: 4631870981687706, guid: a3b2c2825e024e14c8709a1226383665, type: 3}
      propertyPath: m_LocalPosition.z
      value: 372.1
      objectReference: {fileID: 0}
    - target: {fileID: 4631870981687706, guid: a3b2c2825e024e14c8709a1226383665, type: 3}
      propertyPath: m_LocalRotation.w
      value: 1
      objectReference: {fileID: 0}
    - target: {fileID: 4631870981687706, guid: a3b2c2825e024e14c8709a1226383665, type: 3}
      propertyPath: m_LocalRotation.x
      value: 0
      objectReference: {fileID: 0}
    - target: {fileID: 4631870981687706, guid: a3b2c2825e024e14c8709a1226383665, type: 3}
      propertyPath: m_LocalRotation.y
      value: -0
      objectReference: {fileID: 0}
    - target: {fileID: 4631870981687706, guid: a3b2c2825e024e14c8709a1226383665, type: 3}
      propertyPath: m_LocalRotation.z
      value: -0
      objectReference: {fileID: 0}
    - target: {fileID: 4631870981687706, guid: a3b2c2825e024e14c8709a1226383665, type: 3}
      propertyPath: m_LocalEulerAnglesHint.x
      value: 0
      objectReference: {fileID: 0}
    - target: {fileID: 4631870981687706, guid: a3b2c2825e024e14c8709a1226383665, type: 3}
      propertyPath: m_LocalEulerAnglesHint.y
      value: 0
      objectReference: {fileID: 0}
    - target: {fileID: 4631870981687706, guid: a3b2c2825e024e14c8709a1226383665, type: 3}
      propertyPath: m_LocalEulerAnglesHint.z
      value: 0
      objectReference: {fileID: 0}
    m_RemovedComponents: []
  m_SourcePrefab: {fileID: 100100000, guid: a3b2c2825e024e14c8709a1226383665, type: 3}
--- !u!1001 &1793224279
PrefabInstance:
  m_ObjectHideFlags: 0
  serializedVersion: 2
  m_Modification:
    m_TransformParent: {fileID: 0}
    m_Modifications:
    - target: {fileID: 1170873960344416, guid: d832a3f9ac51c37479027671c73b69fe, type: 3}
      propertyPath: m_Name
      value: Construction1
      objectReference: {fileID: 0}
    - target: {fileID: 4693335028908810, guid: d832a3f9ac51c37479027671c73b69fe, type: 3}
      propertyPath: m_RootOrder
      value: 4
      objectReference: {fileID: 0}
    - target: {fileID: 4693335028908810, guid: d832a3f9ac51c37479027671c73b69fe, type: 3}
      propertyPath: m_LocalPosition.x
      value: 288.5
      objectReference: {fileID: 0}
    - target: {fileID: 4693335028908810, guid: d832a3f9ac51c37479027671c73b69fe, type: 3}
      propertyPath: m_LocalPosition.y
      value: 19.17
      objectReference: {fileID: 0}
    - target: {fileID: 4693335028908810, guid: d832a3f9ac51c37479027671c73b69fe, type: 3}
      propertyPath: m_LocalPosition.z
      value: 281.6
      objectReference: {fileID: 0}
    - target: {fileID: 4693335028908810, guid: d832a3f9ac51c37479027671c73b69fe, type: 3}
      propertyPath: m_LocalRotation.w
      value: 1
      objectReference: {fileID: 0}
    - target: {fileID: 4693335028908810, guid: d832a3f9ac51c37479027671c73b69fe, type: 3}
      propertyPath: m_LocalRotation.x
      value: 0
      objectReference: {fileID: 0}
    - target: {fileID: 4693335028908810, guid: d832a3f9ac51c37479027671c73b69fe, type: 3}
      propertyPath: m_LocalRotation.y
      value: -0
      objectReference: {fileID: 0}
    - target: {fileID: 4693335028908810, guid: d832a3f9ac51c37479027671c73b69fe, type: 3}
      propertyPath: m_LocalRotation.z
      value: -0
      objectReference: {fileID: 0}
    - target: {fileID: 4693335028908810, guid: d832a3f9ac51c37479027671c73b69fe, type: 3}
      propertyPath: m_LocalEulerAnglesHint.x
      value: 0
      objectReference: {fileID: 0}
    - target: {fileID: 4693335028908810, guid: d832a3f9ac51c37479027671c73b69fe, type: 3}
      propertyPath: m_LocalEulerAnglesHint.y
      value: 0
      objectReference: {fileID: 0}
    - target: {fileID: 4693335028908810, guid: d832a3f9ac51c37479027671c73b69fe, type: 3}
      propertyPath: m_LocalEulerAnglesHint.z
      value: 0
      objectReference: {fileID: 0}
    m_RemovedComponents: []
  m_SourcePrefab: {fileID: 100100000, guid: d832a3f9ac51c37479027671c73b69fe, type: 3}
--- !u!4 &1849739927 stripped
Transform:
  m_CorrespondingSourceObject: {fileID: 4735184964291384681, guid: 70a741b7e2a41794cb275bb640c191db, type: 3}
  m_PrefabInstance: {fileID: 411204219}
  m_PrefabAsset: {fileID: 0}
--- !u!1001 &1900182888
PrefabInstance:
  m_ObjectHideFlags: 0
  serializedVersion: 2
  m_Modification:
    m_TransformParent: {fileID: 0}
    m_Modifications:
    - target: {fileID: 3816452224627302961, guid: 1d8d803e90580af4ebc91687eae7b60d, type: 3}
      propertyPath: m_Name
      value: CanvasMenu
      objectReference: {fileID: 0}
    - target: {fileID: 3816452224627302964, guid: 1d8d803e90580af4ebc91687eae7b60d, type: 3}
      propertyPath: m_Pivot.x
      value: 0
      objectReference: {fileID: 0}
    - target: {fileID: 3816452224627302964, guid: 1d8d803e90580af4ebc91687eae7b60d, type: 3}
      propertyPath: m_Pivot.y
      value: 0
      objectReference: {fileID: 0}
    - target: {fileID: 3816452224627302964, guid: 1d8d803e90580af4ebc91687eae7b60d, type: 3}
      propertyPath: m_RootOrder
      value: 14
      objectReference: {fileID: 0}
    - target: {fileID: 3816452224627302964, guid: 1d8d803e90580af4ebc91687eae7b60d, type: 3}
      propertyPath: m_AnchorMax.x
      value: 0
      objectReference: {fileID: 0}
    - target: {fileID: 3816452224627302964, guid: 1d8d803e90580af4ebc91687eae7b60d, type: 3}
      propertyPath: m_AnchorMax.y
      value: 0
      objectReference: {fileID: 0}
    - target: {fileID: 3816452224627302964, guid: 1d8d803e90580af4ebc91687eae7b60d, type: 3}
      propertyPath: m_AnchorMin.x
      value: 0
      objectReference: {fileID: 0}
    - target: {fileID: 3816452224627302964, guid: 1d8d803e90580af4ebc91687eae7b60d, type: 3}
      propertyPath: m_AnchorMin.y
      value: 0
      objectReference: {fileID: 0}
    - target: {fileID: 3816452224627302964, guid: 1d8d803e90580af4ebc91687eae7b60d, type: 3}
      propertyPath: m_SizeDelta.x
      value: 0
      objectReference: {fileID: 0}
    - target: {fileID: 3816452224627302964, guid: 1d8d803e90580af4ebc91687eae7b60d, type: 3}
      propertyPath: m_SizeDelta.y
      value: 0
      objectReference: {fileID: 0}
    - target: {fileID: 3816452224627302964, guid: 1d8d803e90580af4ebc91687eae7b60d, type: 3}
      propertyPath: m_LocalPosition.x
      value: 0
      objectReference: {fileID: 0}
    - target: {fileID: 3816452224627302964, guid: 1d8d803e90580af4ebc91687eae7b60d, type: 3}
      propertyPath: m_LocalPosition.y
      value: 0
      objectReference: {fileID: 0}
    - target: {fileID: 3816452224627302964, guid: 1d8d803e90580af4ebc91687eae7b60d, type: 3}
      propertyPath: m_LocalPosition.z
      value: 0
      objectReference: {fileID: 0}
    - target: {fileID: 3816452224627302964, guid: 1d8d803e90580af4ebc91687eae7b60d, type: 3}
      propertyPath: m_LocalRotation.w
      value: 1
      objectReference: {fileID: 0}
    - target: {fileID: 3816452224627302964, guid: 1d8d803e90580af4ebc91687eae7b60d, type: 3}
      propertyPath: m_LocalRotation.x
      value: 0
      objectReference: {fileID: 0}
    - target: {fileID: 3816452224627302964, guid: 1d8d803e90580af4ebc91687eae7b60d, type: 3}
      propertyPath: m_LocalRotation.y
      value: 0
      objectReference: {fileID: 0}
    - target: {fileID: 3816452224627302964, guid: 1d8d803e90580af4ebc91687eae7b60d, type: 3}
      propertyPath: m_LocalRotation.z
      value: 0
      objectReference: {fileID: 0}
    - target: {fileID: 3816452224627302964, guid: 1d8d803e90580af4ebc91687eae7b60d, type: 3}
      propertyPath: m_AnchoredPosition.x
      value: 0
      objectReference: {fileID: 0}
    - target: {fileID: 3816452224627302964, guid: 1d8d803e90580af4ebc91687eae7b60d, type: 3}
      propertyPath: m_AnchoredPosition.y
      value: 0
      objectReference: {fileID: 0}
    - target: {fileID: 3816452224627302964, guid: 1d8d803e90580af4ebc91687eae7b60d, type: 3}
      propertyPath: m_LocalEulerAnglesHint.x
      value: 0
      objectReference: {fileID: 0}
    - target: {fileID: 3816452224627302964, guid: 1d8d803e90580af4ebc91687eae7b60d, type: 3}
      propertyPath: m_LocalEulerAnglesHint.y
      value: 0
      objectReference: {fileID: 0}
    - target: {fileID: 3816452224627302964, guid: 1d8d803e90580af4ebc91687eae7b60d, type: 3}
      propertyPath: m_LocalEulerAnglesHint.z
      value: 0
      objectReference: {fileID: 0}
    m_RemovedComponents: []
  m_SourcePrefab: {fileID: 100100000, guid: 1d8d803e90580af4ebc91687eae7b60d, type: 3}
